@MISC{konzeptschema,
  AUTHOR       = "Stallman, Richard Matthew and Krempl, Stefan",
  TITLE        = "{S}oftware mu{\ss} frei sein!",
  YEAR         = "1999",
  HOWPUBLISHED = "Website",
  NOTE         = "Available online at
                  \url{http://www.heise.de/tp/deutsch/inhalt/te/2860/1.html};
                  visited on January 8th 2005."
}